<?xml version="1.0" encoding="UTF-8"?><collection xmlns="http://www.loc.gov/MARC21/slim"><record><leader>00429nam--2200145-i-4500</leader><controlfield tag="001">000031174</controlfield><controlfield tag="002">20161230</controlfield><controlfield tag="005">20161230201038</controlfield><controlfield tag="008">060222s1000------------r-----000-0-eng-d</controlfield><datafield ind1=" " ind2=" " tag="080"><subfield code="a">530.145.6</subfield></datafield><datafield ind1=" " ind2=" " tag="245"><subfield code="a">Logic and probability in quantum mechanics</subfield></datafield><datafield ind1=" " ind2=" " tag="260"><subfield code="a">Dordrecht-holland/Boston, D.Reidel Publishing Company, 1976. Xv+541p</subfield></datafield><datafield ind1=" " ind2=" " tag="490"><subfield code="a">Synthese Library.Editor:Jaakko Hintikka</subfield></datafield><datafield ind1=" " ind2=" " tag="700"><subfield code="a">Suppes, Patrick</subfield></datafield><datafield ind1=" " ind2=" " tag="852"><subfield code="a">46717</subfield></datafield></record></collection>